@inproceedings{Ernst:2014:CVI:2660267.2660343,
 author = {Ernst, Michael D. and Just, Ren{\'e} and Millstein, Suzanne and Dietl, Werner and Pernsteiner, Stuart and Roesner, Franziska and Koscher, Karl and Barros, Paulo Barros and Bhoraskar, Ravi and Han, Seungyeop and Vines, Paul and Wu, Edward X.},
  title = {Collaborative Verification of Information Flow for a High-Assurance App Store},
   booktitle = {Proceedings of the 2014 ACM SIGSAC Conference on Computer and Communications Security},
    series = {CCS '14},
     year = {2014},
      isbn = {978-1-4503-2957-6},
       location = {Scottsdale, Arizona, USA},
	    acmid = {2660343},
	     publisher = {ACM},
	      address = {New York, NY, USA},
	       keywords = {android security, collaborative verification, information flow, static analysis},
	       } 

@inproceedings{Vallee-Rai:1999:SJB,
 author = {Vall{\'e}e-Rai, Raja and Co, Phong and Gagnon, Etienne and Hendren, Laurie and Lam, Patrick and Sundaresan, Vijay},
 title = {Soot - a Java bytecode optimization framework},
 booktitle = {Proceedings of the 1999 conference of the Centre for Advanced Studies on Collaborative research},
 series = {CASCON '99},
 year = {1999},
 location = {Mississauga, Ontario, Canada},
 acmid = {782008},
 publisher = {IBM Press},
} 

@inproceedings{Arzt:2014:FPC:2594291.2594299,
 author = {Arzt, Steven and Rasthofer, Siegfried and Fritz, Christian and Bodden, Eric and Bartel, Alexandre and Klein, Jacques and Le Traon, Yves and Octeau, Damien and McDaniel, Patrick},
  title = {FlowDroid: Precise Context, Flow, Field, Object-sensitive and Lifecycle-aware Taint Analysis for Android Apps},
   booktitle = {Proceedings of the 35th ACM SIGPLAN Conference on Programming Language Design and Implementation},
    series = {PLDI '14},
     year = {2014},
      isbn = {978-1-4503-2784-8},
       location = {Edinburgh, United Kingdom},
	    acmid = {2594299},
	     publisher = {ACM},
	      address = {New York, NY, USA},
	      } 


@inproceedings{Alazab:2012:AMB,
 author = {Alazab, Moutaz and Monsamy, Veelasha and Batten, Lynn and Lantz, Patrik and Tian, Ronghua},
 title = {Analysis of Malicious and Benign Android Applications},
 booktitle = {Proceedings of the 2012 32nd International Conference on Distributed Computing Systems Workshops},
 series = {ICDCSW '12},
 year = {2012},
 isbn = {978-0-7695-4686-5},
 acmid = {2357392},
 publisher = {IEEE Computer Society},
 address = {Washington, DC, USA},
 keywords = {Android, Dynamic, Mobile malware, Behavior graph, Treemap, Droidbox},
} 

@MISC{ScanDroid,
    author = {Adam P. Fuchs and Avik Chaudhuri and Jeffrey S. Foster},
    title = {SCanDroid: Automated Security Certification of Android Applications},
    year = {}
}

@inproceedings{TaintDroid,
 author = {Enck, William and Gilbert, Peter and Chun, Byung-Gon and Cox, Landon P. and Jung, Jaeyeon and McDaniel, Patrick and Sheth, Anmol N.},
 title = {TaintDroid: An Information-flow Tracking System for Realtime Privacy Monitoring on Smartphones},
 booktitle = {Proceedings of the 9th USENIX Conference on Operating Systems Design and Implementation},
 series = {OSDI'10},
 year = {2010},
 location = {Vancouver, BC, Canada},
 acmid = {1924971},
 publisher = {USENIX Association},
 address = {Berkeley, CA, USA},
} 

@inproceedings{AppContext, 
    title = {AppContext: Differentiating Malicious and Benign Mobile App Behavior Under Contexts}, 
    author = {Wei Yang and Xusheng Xiao and Benjamin Andow and Sihan Li and Tao Xie and William Enck}, 
    booktitle = {ICSE}, 
    year = {2015} 
}

@inproceedings{Feng:apposcopy, 
    title = {Apposcopy: Semantics-Based Detection of Android Malware through Static Analysis}, 
    author = {Yu Feng and Saswat Anand and Isil Dillig and Alex Aiken}, 
    booktitle = {SIGSOFT FSE}, 
    year = {2014} 
}

@inproceedings{Zhou:2012:DAM,
 author = {Zhou, Yajin and Jiang, Xuxian},
 title = {Dissecting Android Malware: Characterization and Evolution},
 booktitle = {Proceedings of the 2012 IEEE Symposium on Security and Privacy},
 series = {SP '12},
 year = {2012},
 isbn = {978-0-7695-4681-0},
 acmid = {2310710},
 publisher = {IEEE Computer Society},
 address = {Washington, DC, USA},
 keywords = {Android malware, smartphone security},
} 

@inproceedings{DroidMoss,
 author = {Zhou, Wu and Zhou, Yajin and Jiang, Xuxian and Ning, Peng},
 title = {Detecting Repackaged Smartphone Applications in Third-party Android Marketplaces},
 booktitle = {Proceedings of the Second ACM Conference on Data and Application Security and Privacy},
 series = {CODASPY '12},
 year = {2012},
 isbn = {978-1-4503-1091-8},
 location = {San Antonio, Texas, USA},
 acmid = {2133640},
 publisher = {ACM},
 address = {New York, NY, USA},
 keywords = {privacy and security, repackaging, smartphones},
}

@inproceedings{TechnicalReport,
 author = {Zhou, Yajin and Jiang, Xuxian},
 title = {An Analysis of the AnserverBot Trojan},
 year = {2011},
} 

@inproceedings{PiggyApp,
 author = {Zhou, Wu and Zhou, Yajin and Grace, Michael and Jiang, Xuxian and Zou, Shihong},
 title = {Fast, Scalable Detection of "Piggybacked" Mobile Applications},
 booktitle = {Proceedings of the Third ACM Conference on Data and Application Security and Privacy},
 series = {CODASPY '13},
 year = {2013},
 isbn = {978-1-4503-1890-7},
 location = {San Antonio, Texas, USA},
 acmid = {2435377},
 publisher = {ACM},
 address = {New York, NY, USA},
 keywords = {app repackaging, mobile application, piggybacked application, smartphone security},
} 


@inproceedings{Beresford:2011:MTP,                                                                                                                     
 author = {Beresford, Alastair R. and Rice, Andrew and Skehin, Nicholas and Sohan, Ripduman},
 title = {MockDroid: trading privacy for application functionality on smartphones},
 booktitle = {Proceedings of the 12th Workshop on Mobile Computing Systems and Applications},
 series = {HotMobile '11},
 year = {2011},
 isbn = {978-1-4503-0649-2},
 location = {Phoenix, Arizona},
 acmid = {2184500},
 publisher = {ACM},
 address = {New York, NY, USA},
 keywords = {Android, MockDroid, mobile, phone, privacy},
} 

@inproceedings{Xu:Security:2012,                                                                                                                       
  author = {Xu, Rubin and Sa\"{\i}di, Hassen and Anderson, Ross},
  title = {Aurasium: practical policy enforcement for Android applications},
  booktitle = {Proceedings of the 21st USENIX conference on Security
    symposium},
  series = {Security'12},
  year = {2012},
}

@inproceedings{Burguera:2011:CBM,                                                                                                                      
 author = {Burguera, Iker and Zurutuza, Urko and Nadjm-Tehrani, Simin},
 title = {Crowdroid: behavior-based malware detection system for Android},
 booktitle = {Proceedings of the 1st ACM workshop on Security and privacy in smartphones and mobile devices},
 series = {SPSM '11},
 year = {2011},
 isbn = {978-1-4503-1000-0},
 location = {Chicago, Illinois, USA},
 acmid = {2046619},
 publisher = {ACM},
 address = {New York, NY, USA},
 keywords = {anomaly detection, crowdsourcing, data mining, dynamic analysis, intrusion detection, malware detection, smartphone security},
} 

@article{Moonsamy:2012:TUI,                                                                                                                            
 author = {Moonsamy, Veelasha and Alazab, Moutaz and Batten, Lynn},
 title = {Towards an understanding of the impact of advertising on data leaks},
 journal = {Int. J. Secur. Netw.},
 issue_date = {March 2012},
 volume = {7},
 number = {3},
 month = mar,
 year = {2012},
 issn = {1747-8405},
 acmid = {2451261},
 publisher = {Inderscience Publishers},
 address = {Inderscience Publishers, Geneva, SWITZERLAND},
}

@inproceedings{DBLP:conf/ndss/EgeleKKV11,                                                                                                              
  author    = {Manuel Egele and
               Christopher Kruegel and
               Engin Kirda and
               Giovanni Vigna},
  title     = {PiOS: Detecting Privacy Leaks in iOS Applications},
  booktitle = {NDSS},
  year      = {2011},
  ee        = {http://www.isoc.org/isoc/conferences/ndss/11/pdf/9_2.pdf},
  crossref  = {DBLP:conf/ndss/2011},
  bibsource = {DBLP, http://dblp.uni-trier.de}
}

@proceedings{DBLP:conf/ndss/2011,
  title     = {Proceedings of the Network and Distributed System Security
               Symposium, NDSS 2011, San Diego, California, USA, 6th February
               - 9th February 2011},
  booktitle = {NDSS},
  publisher = {The Internet Society},
  year      = {2011},
  ee        = {http://www.isoc.org/isoc/conferences/ndss/11/},
  bibsource = {DBLP, http://dblp.uni-trier.de}
}

@inproceedings{VetDroid,
 author = {Zhang, Yuan and Yang, Min and Xu, Bingquan and Yang, Zhemin and Gu, Guofei and Ning, Peng and Wang, X. Sean and Zang, Binyu},
 title = {Vetting Undesirable Behaviors in Android Apps with Permission Use Analysis},
 booktitle = {Proceedings of the 2013 ACM SIGSAC Conference on Computer \&\#38; Communications Security},
 series = {CCS '13},
 year = {2013},
 isbn = {978-1-4503-2477-9},
 location = {Berlin, Germany},
 acmid = {2516689},
 publisher = {ACM},
 address = {New York, NY, USA},
} 

@inproceedings{kirin,
 author = {Enck, William and Ongtang, Machigar and McDaniel, Patrick},
 title = {On Lightweight Mobile Phone Application Certification},
 booktitle = {Proceedings of the 16th ACM Conference on Computer and Communications Security},
 series = {CCS '09},
 year = {2009},
 isbn = {978-1-60558-894-0},
 location = {Chicago, Illinois, USA},
 acmid = {1653691},
 publisher = {ACM},
 address = {New York, NY, USA},
 keywords = {android, malware, mobile phone security},
} 

@inproceedings{ComDroid,
 author = {Chin, Erika and Felt, Adrienne Porter and Greenwood, Kate and Wagner, David},
 title = {Analyzing Inter-application Communication in Android},
 booktitle = {Proceedings of the 9th International Conference on Mobile Systems, Applications, and Services},
 series = {MobiSys '11},
 year = {2011},
 isbn = {978-1-4503-0643-0},
 location = {Bethesda, Maryland, USA},
 acmid = {2000018},
 publisher = {ACM},
 address = {New York, NY, USA},
 keywords = {Android, intents, message passing, mobile phone security},
} 

@inproceedings{Woodpecker,
  author = {Grace, Michael C. and Zhou, Yajin and Wang, Zhi and Jiang, Xuxian},
  booktitle = {NDSS},
  publisher = {The Internet Society},
  title = {Systematic Detection of Capability Leaks in Stock Android Smartphones.},
  year = 2012
}

@article{Deputy,
 author = {Hardy, Norm},
 title = {The Confused Deputy: (or Why Capabilities Might Have Been Invented)},
 journal = {SIGOPS Oper. Syst. Rev.},
 issue_date = {Oct. 1988},
 volume = {22},
 number = {4},
 month = oct,
 year = {1988},
 issn = {0163-5980},
 acmid = {871709},
 publisher = {ACM},
 address = {New York, NY, USA},
} 

@inproceedings{Huang:2013:Trust,
  added-at = {2013-09-18T00:00:00.000+0200},
  author = {Huang, Heqing and Zhu, Sencun and 0005, Peng Liu and Wu, Dinghao},
  booktitle = {TRUST},
  editor = {Huth, Michael and Asokan, N. and Capkun, Srdjan and Flechais, Ivan and Coles-Kemp, Lizzie},
  interhash = {9f37eca5c03cd58c7a6309874ea9afa8},
  intrahash = {d6079e0cba935173cffabb39d588457c},
  isbn = {978-3-642-38907-8},
  keywords = {dblp},
  publisher = {Springer},
  series = {Lecture Notes in Computer Science},
  timestamp = {2013-09-19T11:35:19.000+0200},
  title = {A Framework for Evaluating Mobile App Repackaging Detection Algorithms.},
  volume = 7904,
  year = 2013
}

@InProceedings{DNADroid,
  author =   {Jonathan Crussell and Clint Gibler and Hao Chen},
  title =    {Attack of the Clones: Detecting Cloned Applications on Android Markets},
  booktitle =    {17th European Symposium on Research in Computer Security (ESORICS)},
  address =    {Pisa, Italy},
  date =         {2012-09-10/2012-09-12}, 
}

@inproceedings{Juxtapp,
 author = {Hanna, Steve and Huang, Ling and Wu, Edward and Li, Saung and Chen, Charles and Song, Dawn},
 title = {Juxtapp: A Scalable System for Detecting Code Reuse Among Android Applications},
 booktitle = {Proceedings of the 9th International Conference on Detection of Intrusions and Malware, and Vulnerability Assessment},
 series = {DIMVA'12},
 year = {2013},
 isbn = {978-3-642-37299-5},
 location = {Heraklion, Crete, Greece},
 acmid = {2481809},
 publisher = {Springer-Verlag},
 address = {Berlin, Heidelberg},
} 

@inproceedings{MIGDroid,
  author    = {Wenjun Hu and
               Jing Tao and
               Xiaobo Ma and
               Wenyu Zhou and
               Shuang Zhao and
               Ting Han},
  title     = {MIGDroid: Detecting APP-Repackaging Android malware via method invocation
               graph},
  booktitle = {23rd International Conference on Computer Communication and Networks,
               {ICCCN} 2014, Shanghai, China, August 4-7, 2014},
  year      = {2014},
  crossref  = {DBLP:conf/icccn/2014},
  timestamp = {Tue, 30 Sep 2014 20:03:24 +0200},
}

@proceedings{DBLP:conf/icccn/2014,
  title     = {23rd International Conference on Computer Communication and Networks,
               {ICCCN} 2014, Shanghai, China, August 4-7, 2014},
  publisher = {{IEEE}},
  year      = {2014},
  timestamp = {Tue, 30 Sep 2014 20:03:11 +0200},
}

@inproceedings{Droidmarking,
 author = {Ren, Chuangang and Chen, Kai and Liu, Peng},
 title = {Droidmarking: Resilient Software Watermarking for Impeding Android Application Repackaging},
 booktitle = {Proceedings of the 29th ACM/IEEE International Conference on Automated Software Engineering},
 series = {ASE '14},
 year = {2014},
 isbn = {978-1-4503-3013-8},
 location = {Vasteras, Sweden},
 acmid = {2642977},
 publisher = {ACM},
 address = {New York, NY, USA},
 keywords = {android, app repackaging, software watermarking},
} 

@inproceedings{Blueseal,
 author = {Shen, Feng and Vishnubhotla, Namita and Todarka, Chirag and Arora, Mohit and Dhandapani, Babu and Lehner, Eric John and Ko, Steven Y. and Ziarek, Lukasz},
 title = {Information Flows As a Permission Mechanism},
 booktitle = {Proceedings of the 29th ACM/IEEE International Conference on Automated Software Engineering},
 series = {ASE '14},
 year = {2014},
 isbn = {978-1-4503-3013-8},
 location = {Vasteras, Sweden},
 acmid = {2643018},
 publisher = {ACM},
 address = {New York, NY, USA},
 keywords = {android, information flow, permissions},
} 

@inproceedings{Andarwin,
  added-at = {2013-08-21T00:00:00.000+0200},
  author = {Crussell, Jonathan and Gibler, Clint and Chen, Hao},
  booktitle = {ESORICS},
  editor = {Crampton, Jason and Jajodia, Sushil and Mayes, Keith},
  interhash = {3fd6cfe7da8820e227d5247065905b7f},
  intrahash = {bccab3d149b45b3d8dc1d98e0476be94},
  isbn = {978-3-642-40202-9},
  keywords = {dblp},
  publisher = {Springer},
  series = {Lecture Notes in Computer Science},
  timestamp = {2013-08-22T11:39:12.000+0200},
  title = {AnDarwin: Scalable Detection of Semantically Similar Android Applications.},
  volume = 8134,
  year = 2013
}

@inproceedings{riskranker,
 author = {Grace, Michael and Zhou, Yajin and Zhang, Qiang and Zou, Shihong and Jiang, Xuxian},
 title = {RiskRanker: Scalable and Accurate Zero-day Android Malware Detection},
 booktitle = {Proceedings of the 10th International Conference on Mobile Systems, Applications, and Services},
 series = {MobiSys '12},
 year = {2012},
 isbn = {978-1-4503-1301-8},
 location = {Low Wood Bay, Lake District, UK},
 acmid = {2307663},
 publisher = {ACM},
 address = {New York, NY, USA},
 keywords = {android, malware, riskranker},
} 

@inproceedings{DroidRanger,
  added-at = {2013-09-18T00:00:00.000+0200},
  author = {Zhou, Yajin and Wang, Zhi and Zhou, Wu and Jiang, Xuxian},
  booktitle = {NDSS},
  ee = {http://www.internetsociety.org/hey-you-get-my-market-detecting-malicious-apps-official-and-alternative-android-markets},
  interhash = {35943ebe9fc389cb54c0d353d4dc48da},
  intrahash = {97d51c075cb3ee5d5aee23f8fd88fda3},
  keywords = {dblp},
  publisher = {The Internet Society},
  timestamp = {2013-09-19T11:35:00.000+0200},
  title = {Hey, You, Get Off of My Market: Detecting Malicious Apps in Official and Alternative Android Markets.},
  year = 2012
}

@inproceedings{Felt:CCS:2011,
  author = {Felt, Adrienne Porter and Chin, Erika and Hanna, Steve and Song,
    Dawn and Wagner, David},
  title = {Android Permissions Demystified},
  booktitle = {Proceedings of the 18th ACM Conference on Computer and
    Communications Security},
  series = {CCS '11},
  year = {2011},
  isbn = {978-1-4503-0948-6},
  location = {Chicago, Illinois, USA},
  acmid = {2046779},
  publisher = {ACM},
  address = {New York, NY, USA},
  keywords = {android, least privilege, permissions},
} 

@inproceedings{Lu:CCS:2012,                                                      
  author = {Lu, Long and Li, Zhichun and Wu, Zhenyu and Lee, Wenke and Jiang,
    Guofei},
  title = {CHEX: statically vetting Android apps for component hijacking
    vulnerabilities},
  booktitle = {Proceedings of the 2012 ACM conference on Computer and
    communications security},
  series = {CCS '12},
  year = {2012},
}  

@misc{f-secure,
  author = {F-Secure Labs},
  title = {Threat Report H2 2013},
  year = {2013},
  howpublished =
  {\url{https://www.f-secure.com/documents/996508/1030743/Threat_Report_H2_2013.pdf}},
}

@inproceedings{Yajin:Oakland:2012,
  author={Yajin Zhou and Xuxian Jiang},
  title={Dissecting Android Malware: Characterization and Evolution},
  booktitle={Security and Privacy (Oakland), 2012 IEEE Symposium on},
  year={2012},
}

@inproceedings{Octeau:2013:EIC:2534766.2534813,
 author = {Octeau, Damien and McDaniel, Patrick and Jha, Somesh and Bartel, Alexandre and Bodden, Eric and Klein, Jacques and Le Traon, Yves},
 title = {Effective Inter-component Communication Mapping in Android with Epicc: An Essential Step Towards Holistic Security Analysis},
 booktitle = {Proceedings of the 22Nd USENIX Conference on Security},
 series = {SEC'13},
 year = {2013},
 isbn = {978-1-931971-03-4},
 location = {Washington, D.C.},
 acmid = {2534813},
 publisher = {USENIX Association},
 address = {Berkeley, CA, USA},
} 

